% This file was created with JabRef 2.10.
% Encoding: UTF-8


@InProceedings{allard2016new,
  Title                    = {A new privacy-preserving solution for clustering massively distributed personal times-series},
  Author                   = {Allard, Tristan and H{\'e}brail, Georges and Masseglia, Florent and Pacitti, Esther},
  Booktitle                = {Data Engineering (ICDE), 2016 IEEE 32nd International Conference on},
  Year                     = {2016},
  Organization             = {IEEE},
  Pages                    = {1370--1373}
}

@article{dalalyan2017theoretical,
  title={Theoretical guarantees for approximate sampling from smooth and log-concave densities},
  author={Dalalyan, A. S.},
  journal={Journal of the Royal Statistical Society: Series B (Statistical Methodology)},
  volume={79},
  number={3},
  pages={651--676},
  year={2017},
  publisher={Wiley Online Library}
}

@article{santambrogio2010introduction,
  title={Introduction to optimal transport theory},
  author={Santambrogio, F.},
  journal={arXiv preprint arXiv:1009.3856},
  year={2010}
}

@article{bogachev2006global,
  title={Global regularity and bounds for solutions of parabolic equations for probability measures},
  author={Bogachev, V. I. and Rockner, M. and Shaposhnikov, S. V.},
  journal={Theory of Probability \& Its Applications},
  volume={50},
  number={4},
  pages={561--581},
  year={2006},
  publisher={SIAM}
}

@article{bogachev2008estimates,
  title={Estimates of densities of stationary distributions and transition probabilities of diffusion processes},
  author={Bogachev, V. I. and R{\"o}ckner, M. and Shaposhnikov, S. V.},
  journal={Theory of Probability \& Its Applications},
  volume={52},
  number={2},
  pages={209--236},
  year={2008},
  publisher={SIAM}
}

@article{bogachev2016distances,
  title={Distances between transition probabilities of diffusions and applications to nonlinear {F}okker--{P}lanck--{K}olmogorov equations},
  author={Bogachev, V. I. and R{\"o}ckner, M. and Shaposhnikov, S. V.},
  journal={Journal of Functional Analysis},
  volume={271},
  number={5},
  pages={1262--1300},
  year={2016},
  publisher={Elsevier}
}

@article{bogachev2007uniqueness,
  title={Uniqueness of solutions to weak parabolic equations for measures},
  author={Bogachev, V. I. and Da Prato, G. and R{\"o}ckner, M. and Stannat, W.},
  journal={Bulletin of the London Mathematical Society},
  volume={39},
  number={4},
  pages={631--640},
  year={2007},
  publisher={Wiley Online Library}
}

@inproceedings{genevay2018learning,
  title={Learning generative models with {S}inkhorn divergences},
  author={Genevay, A. and Peyr{\'e}, G. and Cuturi, M.},
  booktitle={International Conference on Artificial Intelligence and Statistics},
  pages={1608--1617},
  year={2018}
}

@article{genevay2017gan,
  title={GAN and VAE from an Optimal Transport Point of View},
  author={Genevay, A. and Peyr{\'e}, G. and Cuturi, M.},
  journal={arXiv preprint arXiv:1706.01807},
  year={2017}
}

@InProceedings{raginsky17a,
  title =    {Non-convex learning via Stochastic Gradient {L}angevin Dynamics: a nonasymptotic analysis},
  author =   {Raginsky, M. and Rakhlin, A. and Telgarsky, M.},
  booktitle =    {Proceedings of the 2017 Conference on Learning Theory},
  pages =    {1674--1703},
  year =   {2017},
  volume =   {65}
}

@InProceedings{zhang17b,
  title =    {A Hitting Time Analysis of Stochastic Gradient Langevin Dynamics},
  author =   {Zhang, Y. and  Liang, P. and  Charikar, M.},
  booktitle =    {Proceedings of the 2017 Conference on Learning Theory},
  pages =    {1980--2022},
  year =   {2017},
  volume =   {65}
}

@article{kolouri2018sliced,
  title={Sliced-Wasserstein Autoencoder: An Embarrassingly Simple Generative Model},
  author={Kolouri, S. and Martin, C. E. and Rohde, G. K.},
  journal={arXiv preprint arXiv:1804.01947},
  year={2018}
}

@article{santambrogio2017euclidean,
  title={$\{$Euclidean, metric, and Wasserstein$\}$ gradient flows: an overview},
  author={Santambrogio, Filippo},
  journal={Bulletin of Mathematical Sciences},
  volume={7},
  number={1},
  pages={87--154},
  year={2017},
  publisher={Springer}
}

@inproceedings{liu2017stein,
  title={Stein variational gradient descent as gradient flow},
  author={Liu, Qiang},
  booktitle={Advances in neural information processing systems},
  pages={3118--3126},
  year={2017}
}

@inproceedings{liu2016stein,
  title={Stein variational gradient descent: A general purpose bayesian inference algorithm},
  author={Liu, Qiang and Wang, Dilin},
  booktitle={Advances In Neural Information Processing Systems},
  pages={2378--2386},
  year={2016}
}

@article{chen2018cont,
  title={Continuous-Time Flows for Efficient Inference and Density Estimation},
  author={Chen, Changyou and Li, Chunyuan and Chen, Liqun and Wang, Wenlin and Pu, Yunchen and Carin, Lawrence},
  journal={arXiv preprint arXiv:1709.01179},
  year={2018}
}

@article{rezende2015variational,
  title={Variational inference with normalizing flows},
  author={Rezende, Danilo Jimenez and Mohamed, Shakir},
  journal={arXiv preprint arXiv:1505.05770},
  year={2015}
}

@PhdThesis{bonnotte2013unidimensional,
  Title                    = {Unidimensional and evolution methods for optimal transportation},
  Author                   = {Bonnotte, Nicolas},
  School                   = {Paris 11},
  Year                     = {2013}
}

@Article{bousquet2017optimal,
  Title                    = {From optimal transport to generative modeling: the VEGAN cookbook},
  Author                   = {Bousquet, Olivier and Gelly, Sylvain and Tolstikhin, Ilya and Simon-Gabriel, Carl-Johann and Schoelkopf, Bernhard},
  Journal                  = {arXiv preprint arXiv:1705.07642},
  Year                     = {2017}
}

@Article{brenier1991polar,
  Title                    = {Polar factorization and monotone rearrangement of vector-valued functions},
  Author                   = {Brenier, Yann},
  Journal                  = {Communications on pure and applied mathematics},
  Year                     = {1991},
  Number                   = {4},
  Pages                    = {375--417},
  Volume                   = {44},

  Publisher                = {Wiley Online Library}
}

@InProceedings{cohen2017emnist,
  Title                    = {EMNIST: Extending MNIST to handwritten letters},
  Author                   = {Cohen, Gregory and Afshar, Saeed and Tapson, Jonathan and van Schaik, Andr{\'e}},
  Booktitle                = {Neural Networks (IJCNN), 2017 International Joint Conference on},
  Year                     = {2017},
  Organization             = {IEEE},
  Pages                    = {2921--2926}
}

@InProceedings{cuturi2013sinkhorn,
  Title                    = {Sinkhorn distances: Lightspeed computation of optimal transport},
  Author                   = {Cuturi, Marco},
  Booktitle                = {Advances in neural information processing systems},
  Year                     = {2013},
  Pages                    = {2292--2300}
}

@Article{eghbal2017probabilistic,
  Title                    = {Probabilistic Generative Adversarial Networks},
  Author                   = {Eghbal-zadeh, Hamid and Widmer, Gerhard},
  Journal                  = {arXiv preprint arXiv:1708.01886},
  Year                     = {2017}
}

@InProceedings{frogner2015learning,
  Title                    = {Learning with a Wasserstein loss},
  Author                   = {Frogner, Charlie and Zhang, Chiyuan and Mobahi, Hossein and Araya, Mauricio and Poggio, Tomaso A},
  Booktitle                = {Advances in Neural Information Processing Systems},
  Year                     = {2015},
  Pages                    = {2053--2061}
}

@InProceedings{genevay2016stochastic,
  Title                    = {Stochastic optimization for large-scale optimal transport},
  Author                   = {Genevay, Aude and Cuturi, Marco and Peyr{\'e}, Gabriel and Bach, Francis},
  Booktitle                = {Advances in Neural Information Processing Systems},
  Year                     = {2016},
  Pages                    = {3440--3448}
}

@InProceedings{goodfellow2014generative,
  Title                    = {Generative adversarial nets},
  Author                   = {Goodfellow, Ian and Pouget-Abadie, Jean and Mirza, Mehdi and Xu, Bing and Warde-Farley, David and Ozair, Sherjil and Courville, Aaron and Bengio, Yoshua},
  Booktitle                = {Advances in neural information processing systems},
  Year                     = {2014},
  Pages                    = {2672--2680}
}

@InProceedings{greenwald2001space,
  Title                    = {Space-efficient online computation of quantile summaries},
  Author                   = {Greenwald, Michael and Khanna, Sanjeev},
  Booktitle                = {ACM SIGMOD Record},
  Year                     = {2001},
  Number                   = {2},
  Organization             = {ACM},
  Pages                    = {58--66},
  Volume                   = {30}
}

@Article{gribonval2017compressive,
  Title                    = {Compressive Statistical Learning with Random Feature Moments},
  Author                   = {Gribonval, R{\'e}mi and Blanchard, Gilles and Keriven, Nicolas and Traonmilin, Yann},
  Journal                  = {arXiv preprint arXiv:1706.07180},
  Year                     = {2017}
}

@Article{kolouri2017optimal,
  Title                    = {Optimal Mass Transport: Signal processing and machine-learning applications},
  Author                   = {Kolouri, Soheil and Park, Se Rim and Thorpe, Matthew and Slepcev, Dejan and Rohde, Gustavo K},
  Journal                  = {IEEE Signal Processing Magazine},
  Year                     = {2017},
  Number                   = {4},
  Pages                    = {43--59},
  Volume                   = {34},

  Publisher                = {IEEE}
}

@InProceedings{krizhevsky2012imagenet,
  Title                    = {Imagenet classification with deep convolutional neural networks},
  Author                   = {Krizhevsky, Alex and Sutskever, Ilya and Hinton, Geoffrey E},
  Booktitle                = {Advances in neural information processing systems},
  Year                     = {2012},
  Pages                    = {1097--1105}
}

@Article{lecun2015deep,
  Title                    = {Deep learning},
  Author                   = {LeCun, Yann and Bengio, Yoshua and Hinton, Geoffrey},
  Journal                  = {Nature},
  Year                     = {2015},
  Number                   = {7553},
  Pages                    = {436--444},
  Volume                   = {521},

  Publisher                = {Nature Research}
}

@InProceedings{lecun2004learning,
  Title                    = {Learning methods for generic object recognition with invariance to pose and lighting},
  Author                   = {LeCun, Yann and Huang, Fu Jie and Bottou, Leon},
  Booktitle                = {Computer Vision and Pattern Recognition, 2004. CVPR 2004. Proceedings of the 2004 IEEE Computer Society Conference on},
  Year                     = {2004},
  Organization             = {IEEE},
  Pages                    = {II--104},
  Volume                   = {2}
}

@Article{mezzadri2006generate,
  Title                    = {How to generate random matrices from the classical compact groups},
  Author                   = {Mezzadri, Francesco},
  Journal                  = {arXiv preprint math-ph/0609050},
  Year                     = {2006}
}

@Article{mohamed2016learning,
  Title                    = {Learning in implicit generative models},
  Author                   = {Mohamed, Shakir and Lakshminarayanan, Balaji},
  Journal                  = {arXiv preprint arXiv:1610.03483},
  Year                     = {2016}
}

@InProceedings{pitie2005n,
  Title                    = {N-dimensional probability density function transfer and its application to color transfer},
  Author                   = {Pitie, Francois and Kokaram, Anil C and Dahyot, Rozenn},
  Booktitle                = {Computer Vision, 2005. ICCV 2005. Tenth IEEE International Conference on},
  Year                     = {2005},
  Organization             = {IEEE},
  Pages                    = {1434--1439},
  Volume                   = {2}
}

@Article{rumelhart1986learning,
  Title                    = {Learning representations by back-propagating errors},
  Author                   = {Rumelhart, David E and Hinton, Geoffrey E and Williams, Ronald J},
  Journal                  = {Nature},
  Year                     = {1986},
  Pages                    = {533--536},
  Volume                   = {323}
}

@InProceedings{salimans2016improved,
  Title                    = {Improved techniques for training gans},
  Author                   = {Salimans, Tim and Goodfellow, Ian and Zaremba, Wojciech and Cheung, Vicki and Radford, Alec and Chen, Xi},
  Booktitle                = {Advances in Neural Information Processing Systems},
  Year                     = {2016},
  Pages                    = {2234--2242}
}

@Article{santambrogio2015optimal,
  Title                    = {Optimal transport for applied mathematicians},
  Author                   = {Santambrogio, Filippo},
  Journal                  = {Birk{\"a}user, NY},
  Year                     = {2015},

  Publisher                = {Springer}
}

@Article{tipping1999probabilistic,
  Title                    = {Probabilistic principal component analysis},
  Author                   = {Tipping, Michael E and Bishop, Christopher M},
  Journal                  = {Journal of the Royal Statistical Society: Series B (Statistical Methodology)},
  Year                     = {1999},
  Number                   = {3},
  Pages                    = {611--622},
  Volume                   = {61}
}

@Book{villani2008optimal,
  Title                    = {Optimal transport: old and new},
  Author                   = {Villani, C{\'e}dric},
  Publisher                = {Springer Science \& Business Media},
  Year                     = {2008},
  Volume                   = {338}
}

@Article{wu2017generative,
  Title                    = {Generative Autotransporters},
  Author                   = {Wu, Jiqing and Huang, Zhiwu and Li, Wen and Van Gool, Luc},
  Journal                  = {arXiv preprint arXiv:1706.02631},
  Year                     = {2017}
}

